@article{gunning2017explainable,
  title={Explainable artificial intelligence (xai)},
  author={Gunning, David},
  journal={Defense Advanced Research Projects Agency (DARPA), nd Web},
  volume={2},
  year={2017}
}

@article{adadi2018peeking,
  title={Peeking inside the black-box: A survey on Explainable Artificial Intelligence (XAI)},
  author={Adadi, Amina and Berrada, Mohammed},
  journal={IEEE Access},
  volume={6},
  pages={52138--52160},
  year={2018},
  publisher={IEEE}
}

@article{miller2019explanation,
  title={Explanation in artificial intelligence: Insights from the social sciences},
  author={Miller, Tim},
  journal={Artificial Intelligence},
  volume={267},
  pages={1--38},
  year={2019},
  publisher={Elsevier}
}

@article{doran2017does,
  title={What does explainable AI really mean? A new conceptualization of perspectives},
  author={Doran, Derek and Schulz, Sarah and Besold, Tarek R},
  journal={arXiv preprint arXiv:1710.00794},
  year={2017}
}

@inproceedings{langley2017explainable,
  title={Explainable agency for intelligent autonomous systems},
  author={Langley, Pat and Meadows, Ben and Sridharan, Mohan and Choi, Dongkyu},
  booktitle={Twenty-Ninth IAAI Conference},
  year={2017}
}
