@inproceedings{ignatiev2015smallest,
  title={Smallest MUS extraction with minimal hitting set dualization},
  author={Ignatiev, Alexey and Previti, Alessandro and Liffiton, Mark and Marques Silva, Joao},
  booktitle={International Conference on Principles and Practice of Constraint Programming},
  pages={173--182},
  year={2015},
}