@article{Dirac1953888,
  title   = "The lorentz transformation and absolute time",
  journal = "Physica ",
  volume  = "19",
  number  = "1-â€“12",
  pages   = "888--896",
  year    = "1953",
  doi     = "10.1016/S0031-8914(53)80099-6",
  author  = "P.A.M. Dirac"
}

@article{Feynman1963118,
  title   = "The theory of a general quantum system interacting with a linear dissipative system",
  journal = "Annals of Physics ",
  volume  = "24",
  pages   = "118--173",
  year    = "1963",
  doi     = "10.1016/0003-4916(63)90068-X",
  author  = "R.P Feynman and F.L {Vernon Jr.}"
}

%% added reference from the comments
@inproceedings{caine2006mits,
	title={MITS: A mixed-initiative intelligent tutoring system for sudoku},
	author={Caine, Allan and Cohen, Robin},
	booktitle={Conference of the Canadian Society for Computational Studies of Intelligence},
	pages={550--561},
	year={2006},
	organization={Springer}
}

@inproceedings{leuschel2005automatic,
	title={Automatic refinement checking for B},
	author={Leuschel, Michael and Butler, Michael},
	booktitle={International Conference on Formal Engineering Methods},
	pages={345--359},
	year={2005},
	organization={Springer}
}

@inproceedings{saribatur2019abstraction,
	title={Abstraction for non-ground answer set programs},
	author={Saribatur, Zeynep G and Sch{\"u}ller, Peter and Eiter, Thomas},
	booktitle={European Conference on Logics in Artificial Intelligence},
	pages={576--592},
	year={2019},
	organization={Springer}
}

@article{mitchell2008expressive,
	title={Expressive power and abstraction in ESSENCE},
	author={Mitchell, David G and Ternovska, Eugenia},
	journal={Constraints},
	volume={13},
	number={3},
	pages={343--384},
	year={2008},
	publisher={Springer}
}

@inproceedings{rosenfeld2021better,
	title={Better Metrics for Evaluating Explainable Artificial Intelligence},
	author={Rosenfeld, Avi},
	booktitle={Proceedings of the 20th International Conference on Autonomous Agents and MultiAgent Systems},
	pages={45--50},
	year={2021}
}


@article{hoffman2018metrics,
	title={Metrics for explainable AI: Challenges and prospects},
	author={Hoffman, Robert R and Mueller, Shane T and Klein, Gary and Litman, Jordan},
	journal={arXiv preprint arXiv:1812.04608},
	year={2018}
}
