@article{marcus1993building,
  title="Building a large annotated corpus of English: The Penn Treebank",
  author="Marcus, Mitchell and Santorini, Beatrice and Marcinkiewicz, Mary Ann",
  year="1993"
}
