@inproceedings{davies2011solving,
  title={Solving MAXSAT by solving a sequence of simpler SAT instances},
  author={Davies, Jessica and Bacchus, Fahiem},
  booktitle={International conference on principles and practice of constraint programming},
  pages={225--239},
  year={2011},
  organization={Springer}
}

@inproceedings{ignatiev2015smallest,
  title={Smallest MUS extraction with minimal hitting set dualization},
  author={Ignatiev, Alexey and Previti, Alessandro and Liffiton, Mark and Marques-Silva, Joao},
  booktitle={International Conference on Principles and Practice of Constraint Programming},
  pages={173--182},
  year={2015},
  organization={Springer}
}

@article{de2014future,
  title={The future of optimization technology},
  author={De La Banda, Maria Garcia and Stuckey, Peter J and Van Hentenryck, Pascal and Wallace, Mark},
  journal={Constraints},
  volume={19},
  number={2},
  pages={126--138},
  year={2014},
  publisher={Springer}
}
