@inproceedings{ecai2020,
  title     = {Step-wise explanations of logic problems by automated reasoning},
  booktitle = {Proceedings of ECAI 2020},
  author    = {Bogaerts, Bart and Gamba, Emilio and Claes, Jens and Guns, Tias},
  year      = {2020},
  note      = {in press}
}

@article{IDP,
	author	= {Broes {De Cat} and Bart Bogaerts and Maurice Bruynooghe and Gerda Janssens and Marc Denecker},
	title	= {Predicate Logic as a Modelling Language: The {IDP} System},
	journal	= {CoRR},
  volume    = {abs/1401.6312v2},
  year      = {2016},
  ee        = {http://arxiv.org/abs/1401.6312v2},
}

@inproceedings {SMUShit,
  author = {Alexey Ignatiev and
               Alessandro Previti and
               Mark H. Liffiton and
               Jo {\ ~ {a}} o Marques {-} Silva},
  editor = {Gilles Pesant},
  title = {Smallest {MUS} Extraction with Minimal Hitting Set Dualization},
  booktitle = {Principles and Practice of Constraint Programming - 21st International
               Conference, {CP} 2015, Cork, Ireland, August 31 - September 4, 2015,
               Proceedings},
  series = {Lecture Notes in Computer Science},
  volume = {9255},
  pages = {173--182},
  publisher = {Springer},
  year = {2015},
  url = {https://doi.org/10.1007/978-3-319-23219-5\_13},
  doi = {10.1007 / 978-3-319-23219-5 \ _13},
  timestamp = {Mon, Feb 24 2020 19:23:28 +0100},
  biburl = {https://dblp.org/rec/conf/cp/IgnatievPLM15.bib},
  bibsource = {dblp computer science bibliography, https://dblp.org}
}

@article{DBLP:journals/constraints/IgnatievJM16,
  author    = {Alexey Ignatiev and
               Mikol{\'{a}}s Janota and
               Jo{\~{a}}o Marques{-}Silva},
  title     = {Quantified maximum satisfiability},
  journal   = {Constraints},
  volume    = {21},
  number    = {2},
  pages     = {277--302},
  year      = {2016},
  url       = {https://doi.org/10.1007/s10601-015-9195-9},
  doi       = {10.1007/s10601-015-9195-9},
  timestamp = {Mon, 24 Feb 2020 19:23:25 +0100},
  biburl    = {https://dblp.org/rec/journals/constraints/IgnatievJM16.bib},
  bibsource = {dblp computer science bibliography, https://dblp.org}
}


@article{fox2017explainable,
  title   = {Explainable planning},
  author  = {Fox, Maria and Long, Derek and Magazzeni, Daniele},
  journal = {arXiv preprint arXiv:1709.10256},
  year    = {2017}
}


@inproceedings{davies,
  author = {Jessica Davies and
               Fahiem Bacchus},
  editor = {Christian Schulte},
  title = {Postponing Optimization to Speed Up {MAXSAT} Solving},
  booktitle = {CP},
  volume = {8124},
  pages = {247--262},
  publisher = {Springer},
  year = {2013},
  url = {https://doi.org/10.1007/978-3-642-40627-0\_21},
  doi = {10.1007 / 978-3-642-40627-0 \ _21},
  timestamp = {Tue, 14 May 2019 10:00:45 +0200},
  biburl = {https://dblp.org/rec/conf/cp/DaviesB13.bib},
  bibsource = {dblp computer science bibliography, https://dblp.org}
}
