@article{marcus1993building,
	title="Building a large annotated corpus of English: The penn treebank",
	author="Marcus, Mitchell and Santorini, Beatrice and Marcinkiewicz, Mary Ann",
	journal="Computational Linguistics",
	volume="19",
	number="2",
	pages="313--330"
}