@article{gunning2017explainable,
  title={Explainable artificial intelligence (xai)},
  author={Gunning, David},
  journal={Defense Advanced Research Projects Agency (DARPA), nd Web},
  volume={2},
  year={2017}
}


@article{samek2017explainable,
  title={Explainable artificial intelligence: Understanding, visualizing and interpreting deep learning models},
  author={Samek, Wojciech and Wiegand, Thomas and Muller, Klaus-Robert},
  journal={arXiv preprint arXiv:1708.08296},
  year={2017}
}

@article{adadi2018peeking,
  title={Peeking inside the black-box: A survey on Explainable Artificial Intelligence (XAI)},
  author={Adadi, Amina and Berrada, Mohammed},
  journal={IEEE Access},
  volume={6},
  pages={52138--52160},
  year={2018},
  publisher={IEEE}
}

@inproceedings{bogaerts2020step,
  title={Step-wise explanations of constraint satisfaction problems},
  author={Bogaerts, Bart and Gamba, Emilio and Claes, Jens and Guns, Tias},
  booktitle={24th European Conference on Artificial Intelligence (ECAI)},
  year={2020}
}


@article{miller2019explanation,
  title={Explanation in artificial intelligence: Insights from the social sciences},
  author={Miller, Tim},
  journal={Artificial Intelligence},
  volume={267},
  pages={1--38},
  year={2019},
  publisher={Elsevier}
}

@article{doran2017does,
  title={What does explainable AI really mean? A new conceptualization of perspectives},
  author={Doran, Derek and Schulz, Sarah and Besold, Tarek R},
  journal={arXiv preprint arXiv:1710.00794},
  year={2017}
}

@inproceedings{langley2017explainable,
  title={Explainable agency for intelligent autonomous systems},
  author={Langley, Pat and Meadows, Ben and Sridharan, Mohan and Choi, Dongkyu},
  booktitle={Twenty-Ninth IAAI Conference},
  year={2017}
}

@incollection{de2018predicate,
  title={Predicate logic as a modeling language: the IDP system},
  author={De Cat, Broes and Bogaerts, Bart and Bruynooghe, Maurice and Janssens, Gerda and Denecker, Marc},
  booktitle={Declarative Logic Programming: Theory, Systems, and Applications},
  pages={279--323},
  year={2018}
}

@inproceedings{liffiton2013enumerating,
  title={Enumerating infeasibility: Finding multiple MUSes quickly},
  author={Liffiton, Mark H and Malik, Ammar},
  booktitle={International Conference on AI and OR Techniques in Constriant Programming for Combinatorial Optimization Problems},
  pages={160--175},
  year={2013},
  organization={Springer}
}

@article{fox2017explainable,
  title={Explainable planning},
  author={Fox, Maria and Long, Derek and Magazzeni, Daniele},
  journal={arXiv preprint arXiv:1709.10256},
  year={2017}
}

@article{van2017kb,
  title={The KB paradigm and its application to interactive configuration},
  author={Van Hertum, Pieter and Dasseville, Ingmar and Janssens, Gerda and Denecker, Marc},
  journal={Theory and Practice of Logic Programming},
  volume={17},
  number={1},
  pages={91--117},
  year={2017},
  publisher={Cambridge University Press}
}

@inproceedings{carbonnelle2019interactive,
  title={An Interactive Consultant.},
  author={Carbonnelle, Pierre and Aerts, Bram and Deryck, Marjolein and Vennekens, Joost and Denecker, Marc},
  booktitle={BNAIC/BENELEARN},
  year={2019}
}


@misc{bogaerts2020framework,
    title={A framework for step-wise explaining how to solve constraint satisfaction problems},
    author={Bart Bogaerts and Emilio Gamba and Tias Guns},
    year={2020},
    eprint={2006.06343},
    archivePrefix={arXiv},
    primaryClass={cs.LO}
}

@inproceedings{ignatiev2013quantified,
  title={Quantified maximum satisfiability},
  author={Ignatiev, Alexey and Janota, Mikol{\'a}{\v{s}} and Marques-Silva, Joao},
  booktitle={International Conference on Theory and Applications of Satisfiability Testing},
  pages={250--266},
  year={2013},
  organization={Springer}
}
