@inproceedings{ignatiev2015smallest,
  title={Smallest MUS extraction with minimal hitting set dualization},
  author={Ignatiev, Alexey and Previti, Alessandro and Liffiton, Mark and Marques Silva, Joao},
  booktitle={International Conference on Principles and Practice of Constraint Programming},
  pages={173--182},
  year={2015},
}

@inproceedings{bogaerts2020step,
	title={Step-wise explanations of constraint satisfaction problems},
	author={Bogaerts, Bart and Gamba, Emilio and Claes, Jens and Guns, Tias},
	booktitle={24th European Conference on Artificial Intelligence (ECAI)},
	year={2020}
}

@article{espasa2021using,
	title={Using Small MUSes to Explain How to Solve Pen and Paper Puzzles},
	author={Espasa, Joan and Gent, Ian P and Hoffmann, Ruth and Jefferson, Christopher and Lynch, Alice M},
	journal={arXiv preprint arXiv:2104.15040},
	year={2021}
}
